@article{my,
author = {Koziol, James and Falls, Theresa and Schnitzer, Jan},
year = {2020},
month = {03},
pages = {},
title = {Different ODE models of tumor growth can deliver similar results},
volume = {20},
journal = {BMC Cancer},
doi = {10.1186/s12885-020-6703-0}
}

@article{tu,
author = {Simeoni, Monica and Magni, Paolo and Cammia, Cristiano and Nicolao, Giuseppe and Croci, Valter and Pesenti, Enrico and Germani, Massimiliano and Poggesi, Italo and Rocchetti, Maurizio},
year = {2004},
month = {03},
pages = {1094-101},
title = {Predictive Pharmacokinetic-Pharmacodynamic Modeling of Tumor Growth Kinetics in Xenograft Models after Administration of Anticancer Agents},
volume = {64},
journal = {Cancer research},
doi = {10.1158/0008-5472.CAN-03-2524}
}